@article{stapling_adoption,
  title={Tracking adoption of revocation and cryptographic features in X.509 certificates},
  author={Zulfiqar, Maryam and Janjua, Muhammad Umar and Hassan, Muhammad and Ahmad, Talha and Saleem, Tania and Stokes, Jack},
  journal={International Journal of Information Security},
  volume={21},
  pages={653-668},
  year={2021},
  publisher={Springer}
}

@inproceedings{efek_revokacie,
author = {Liu, Yabing and Tome, Will and Zhang, Liang and Choffnes, David and Levin, Dave and Maggs, Bruce and Mislove, Alan and Schulman, Aaron and Wilson, Christo},
title = {An End-to-End Measurement of Certificate Revocation in the Web's PKI},
year = {2015},
isbn = {9781450338486},
publisher = {Association for Computing Machinery},
address = {New York, NY, USA},
url = {https://doi.org/10.1145/2815675.2815685},
doi = {10.1145/2815675.2815685},
booktitle = {Proceedings of the 2015 Internet Measurement Conference},
pages = {183–196},
numpages = {14},
keywords = {certificates, crlset, extended validation, https, pki, revocation, ssl, tls, web browsers, x.509},
location = {Tokyo, Japan},
series = {IMC '15}
}

@article{security_pki,
author = {Friess, Jens and Schulmann, Haya and Waidner, Michael},
title = {Revocation Speedrun: How the WebPKI Copes with Fraudulent Certificates},
year = {2023},
issue_date = {December 2023},
publisher = {Association for Computing Machinery},
address = {New York, NY, USA},
volume = {1},
number = {CoNEXT3},
url = {https://doi.org/10.1145/3629148},
doi = {10.1145/3629148},
journal = {Proc. ACM Netw.},
month = nov,
articleno = {26},
numpages = {20},
keywords = {PKI, certificate transparency, certificates, revocation}
}

@mastersthesis{turin,
  title     = {Certificate Validation and TLS Interception},
  author    = {Matteo Simone},
  year      = {2021-2022},
  school    = {Politecnico di Torino},
  type      = {Master's Thesis},
  advisors  = {Antonio Lioy and Diana Berbecaru},
  address   = {Turin, Italy}
}

@article{pki,
  title={Public Key Infrastructure: An Enhanced Validation Framework},
  author={Danquah, Paul and Kwabena-Adade, Henoch},
  journal={Journal of Information Security},
  volume={11},
  pages={241-260},
  year={2020},
  publisher={Scientific Research Publishing},
  doi={10.4236/jis.2020.114016},
  url={https://www.scirp.org/journal/paperinformation.aspx?paperid=103117}
}

@article{pki2,
  title={Public-Key Cryptography Techniques Evaluation},
  author={Abobeah, Reham M. and Ezz, Mohamed M. and Harb, Hany M.},
  journal={International Journal of Computer Networks and Applications},
  volume={2},
  pages={64-75},
  year={2015},
  publisher={EverScience Publications},
  issn={2395-0455}
}

@phdthesis{certs,
  author    = {Abylay Satybaldy},
  title     = {Towards Self-Sovereign Identity},
  school    = {Norwegian University of Science and Technology (NTNU)},
  year      = {2024},
  type      = {Doctoral thesis},
  number    = {2024:412},
  department= {Department of Computer Science, Faculty of Information Technology and Electrical Engineering}
}

@article{certs2,
  author    = {Diana Gratiela Berbecaru and Antonio Lioy},
  title     = {An Evaluation of X.509 Certificate Revocation and Related Privacy Issues in the Web PKI Ecosystem},
  journal   = {IEEE Access},
  volume    = {11},
  pages     = {79156-79170},
  year      = {2023},
  publisher = {IEEE},
  doi       = {10.1109/ACCESS.2023.3299357},
  url       = {https://ieeexplore.ieee.org/document/10196098}
}

@techreport{x509,
  title={ITU-T X.509: Information technology - Open Systems Interconnection - The Directory: Public-key and attribute certificate frameworks},
  author={{International Telecommunication Union}},
  year={2023},
  institution={International Telecommunication Union (ITU)},
  number={X.509},
  url={https://www.itu.int/rec/T-REC-X.509/en}
}

@techreport{asn1,
  title={ITU-T Recommendation X.690: Specification of ASN.1 encoding rules – Basic Encoding Rules (BER), Canonical Encoding Rules (CER) and Distinguished Encoding Rules (DER)},
  author={{International Telecommunication Union}},
  year={2021},
  institution={International Telecommunication Union (ITU)},
  number={X.690},
  url={https://www.itu.int/rec/T-REC-X.690-202102-I/en}
}

@techreport{rfc5280,
  author    = {D. Cooper and S. Santesson and S. Farrell and S. Boeyen and R. Housley and W. Polk},
  title     = {Internet X.509 Public Key Infrastructure Certificate and Certificate Revocation List (CRL) Profile},
  institution = {Internet Engineering Task Force (IETF)},
  year      = {2008},
  number    = {5280},
  month     = {May},
  url       = {https://www.rfc-editor.org/rfc/rfc5280}
}

@techreport{rfc6960,
  author    = {S. Santesson and M. Myers and R. Ankney and A. Malpani and S. Galperin and C. Adams},
  title     = {X.509 Internet Public Key Infrastructure
               Online Certificate Status Protocol - OCSP},
  institution = {Internet Engineering Task Force (IETF)},
  year      = {2013},
  number    = {6960},
  month     = {june},
  url       = {https://www.rfc-editor.org/rfc/rfc6960}
}

@inproceedings{ccsp,
  author    = {Antonios A. Chariton and Eirini Degleri and Panagiotis Papadopoulos and Panagiotis Ilia and Evangelos P. Markatos},
  title     = {CCSP: a Compressed Certificate Status Protocol},
  booktitle = {IEEE INFOCOM 2017 - IEEE Conference on Computer Communications},
  year      = {2017},
  organization = {IEEE},
  address   = {University of Crete, Greece and FORTH-ICS, Greece}
}

@article{atutxa,
title = {Improving efficiency and security of IIoT communications using in-network validation of server certificate},
journal = {Computers in Industry},
volume = {144},
pages = {103802},
year = {2023},
issn = {0166-3615},
doi = {https://doi.org/10.1016/j.compind.2022.103802},
url = {https://www.sciencedirect.com/science/article/pii/S0166361522001981},
author = {Asier Atutxa and Jasone Astorga and Marc Barcelo and Aitor Urbieta and Eduardo Jacob}
}

@article{wazan,
  title={On the Validation of Web X.509 Certificates by TLS interception products},
  author={Wazan, Ahmad Samer and Laborde, Romain and Chadwick, David W. and Venant, Remi and Benzekri, Abdelmalek and Billoir, Eddie and Alfandi, Omar},
  journal={IEEE Transactions on Dependable and Secure Computing},
  year={2022},
  volume={19},
  number={1},
  pages={227-242},
  doi={10.1109/TDSC.2020.3000595},
  publisher={IEEE}
}

@inproceedings{smith,
  title={Let's revoke: Scalable global certificate revocation},
  author={Smith, T and Dickinson, L and Seamons, K},
  booktitle={Network and Distributed Systems Security (NDSS) Symposium},
  year={2020},
  organization={NDSS},
  url={https://par.nsf.gov/servlets/purl/10175072}
}

@misc{turin2,
  title={Security analysis of website certificate validation},
  author={Ebrahim, Yitayal K},
  year={2020},
  publisher={Politecnico di Torino},
  url={https://www.researchgate.net/publication/341509518_Security_analysis_of_website_certificate_validation}
}

@article{survey,
  title={A Survey on X.509 Public-Key Infrastructure, Certificate Revocation, and Their Modern Implementation on Blockchain and Ledger Technologies},
  author={Khan, Salabat and Luo, Fei and Zhang, Zijian and Ullah, Farhan and Amin, Farhan and Qadri, Syed Furqan and Heyat, Md Belal Bin and Ruby, Rukhsana and Wang, Lu and Ullah, Shamsher and Li, Meng and Leung, Victor C. M. and Wu, Kaishun},
  journal={IEEE Communications Surveys \& Tutorials}, 
  volume={25},
  number={4},
  pages={2529-2568},
  year={2023},
  publisher={IEEE},
  doi={10.1109/COMST.2023.3323640}
}

@inproceedings{must_staple,
  title={Is the Web Ready for OCSP Must-Staple?},
  author={Chung, Taejoong and Lok, Jay and Chandrasekaran, Balakrishnan and Choffnes, David and Levin, Dave and Maggs, Bruce M. and Mislove, Alan and Rula, John and Sullivan, Nick and Wilson, Christo},
  isbn = {9781450356190},
  publisher = {Association for Computing Machinery},
  booktitle = {Proceedings of the Internet Measurement Conference 2018},
  doi = {10.1145/3278532.3278543},
  url = {https://doi.org/10.1145/3278532.3278543},
  pages={105-118},
  year={2018},
  organization={ACM},
  doi={10.1145/3278532.3278543}
}

@mastersthesis{muni,
  title={Investigating Certificate Revocation Options},
  author={Svitek, M},
  year={2023},
  school={Masaryk University},
  url={https://is.muni.cz/th/fpwns/thesis_Archive.pdf}
}

@misc{rfc6961,
  author = {Pettersen, Y},
  title = {The Transport Layer Security (TLS) Multiple Certificate Status Request Extension},
  howpublished = {Request for Comments 6961},
  year = {2013},
  month = {June},
  publisher = {Internet Engineering Task Force (IETF)},
  doi = {10.17487/RFC6961},
  url = {https://www.rfc-editor.org/rfc/rfc6961}
}

@article{tiny,
  title={Lightweight certificate revocation for low-power IoT with end-to-end security},
  author={H{\"o}glund, Joel and Furuhed, Martin and Raza, Shahid},
  journal={Journal of Information Security and Applications},
  volume={73},
  pages={103424},
  year={2023},
  publisher={Elsevier},
  doi={10.1016/j.jisa.2023.103424},
  url={https://doi.org/10.1016/j.jisa.2023.103424}
}

@misc{rfc9110,
  author = {Fielding, R. and Nottingham, M. and Reschke, J.},
  title = {HTTP Semantics},
  howpublished = {Request for Comments 9110},
  year = {2022},
  publisher = {Internet Engineering Task Force (IETF)},
  doi = {10.17487/RFC9110},
  url = {https://datatracker.ietf.org/doc/html/rfc9110}
}


